@article{bb12-jmlr,
  title={Random search for hyper-parameter optimization},
  author={J. Bergstra and Y. Bengio},
  journal={J. Machine Learning Research},
  volume={13},
  number={Feb},
  pages={281--305},
  year={2012}
}

@inproceedings{chapelle2009expected,
  title={Expected reciprocal rank for graded relevance},
  author={O. Chapelle and D. Metzler and Y. Zhang and P. Grinspan},
  booktitle=cikm,
  pages={621--630},
  year={2009},
}

@inproceedings{clarke2008novelty,
  title={Novelty and diversity in information retrieval evaluation},
  author={C. L. A. Clarke and M. Kolla and G. V. Cormack and O. Vechtomova and A. Ashkan and S. B{\"u}ttcher and I. MacKinnon},
  booktitle=sigir,
  pages={659--666},
  year={2008},
}

@inproceedings{pc98-sigir,
  title={A language modeling approach to information retrieval},
  author={J. Ponte and W. B. Croft},
  booktitle=sigir,
  pages={275--281},
  year={1998},
}

@article{b10:lambdamart,
  title={From ranknet to lambdarank to lambdamart: An overview},
  author={C. Burges},
  journal={Learning},
  volume={11},
  number={23-581},
  pages={81},
  year={2010}
}

@inproceedings{xl07-sigir,
  title={Adarank: a boosting algorithm for information retrieval},
  author={J. Xu and H. Li},
  booktitle=sigir,
  pages={391--398},
  year={2007},
}

@article{Zhai:2004:SSM:984321.984322,
 author = {C. Zhai and J. Lafferty},
 title = {A Study of Smoothing Methods for Language Models Applied to Information Retrieval},
 journal = acmtois,
 volume = {22},
 number = {2},
 month = apr,
 year = {2004},
 pages = {179--214},
} 

@article{tc+12-forum,
  author    = {A. Trotman and C. L. A. Clarke and I. Ounis and J. S.
               Culpepper and M.-A. Cartright and S. Geva},
  title     = {Open source information retrieval: a report on the {SIGIR} 2012 workshop},
  journal   = {{SIGIR} Forum},
  volume    = {46},
  number    = {2},
  pages     = {95--101},
  year      = {2012},
}

@inproceedings{pmc14-sigir,
  author =       {M. Petri and A. Moffat and J. S. Culpepper},
  title =        {Score-safe term dependency processing with hybrid indexes},
  booktitle =    sigir,
  year =         {2014},
  pages =        {899--902},
}

@article{hcc14-tois,
  author =     {S. Huston and J. S. Culpepper and W. B. Croft},
  title =      {Indexing Word-Sequences for Ranked Retrieval},
  journal =    acmtois,
  year =       {2014},
  volume =     {32},
  number =     {1},
  pages =      "3.1-3.26",
}

@article{f01aos,
  title={Greedy function approximation: a gradient boosting machine},
  author={J. Friedman},
  journal={Annals of Statistics},
  pages={1189--1232},
  year={2001},
}

@inproceedings{tsuruoka,
 author = {Y. Tsuruoka and J. Tsujii and S. Ananiadou},
 title = {Stochastic Gradient Descent Training for L1-regularized Log-linear 
          Models with Cumulative Penalty},
 booktitle = acl,
 year = {2009},
 pages = {477--485},
} 

@inproceedings{cmzg09cikm,
author = "O. Chapelle and D. Metzler and Y. Zhang and P. Grinspan",
title = "Expected reciprocal rank for graded relevance",
booktitle = cikm,
pages = "621--630",
year = 2009,
}

@article{jk02acmtois,
author = {K. J\"arvelin and J. Kek\"al\"ainen},
title = "Cumulated Gain-Based Evaluation of {IR} Techniques",
year = 2002,
journal = acmtois,
volume = 20,
number = 4,
pages = "422--446",
}

@article{sk08irj,
author = "T. Sakai and N. Kando",
title = "On information retrieval metrics designed for evaluation
with incomplete relevance assessments",
journal = irj,
volume = 11,
number = 5,
pages = "447--470",
year = 2008,
}

@inproceedings{zchsz03cikm,
author    = {A. Z. Broder and D. Carmel and M. Herscovici and
		A. Soffer and J. Y. Zien},
title     = {Efficient query evaluation using a two-level retrieval process},
booktitle = cikm,
pages     = {426--434},
year      = {2003},
}

@article{wmz10acmtois,
	author = "W. Webber and A. Moffat and J. Zobel",
	title = "A Similarity Measure for Indefinite Rankings",
	journal = acmtois,
	year = 2010,
	volume = 28,
	number = 4,
	month = nov,
	pages = "20.1-20.38",
}

@article{zm06compsurv,
	author = "J. Zobel and A. Moffat",
	title = "Inverted Files for Text Search Engines",
	journal = compsurv,
	year = 2006,
	hidemonth = jul,
	volume = 38,
	number = 2,
	pages = "6.1--6.56",
	hideurl = "http://doi.acm.org/10.1145/1132956.1132959",
	publisher = acm,
}

@book{bcc10ir,
	author = {S. B{\"{u}}ttcher and C. L. A. Clarke and
			G. V. Cormack},
	title = {Information {R}etrieval: {I}mplementing
		and evaluating search engines.},
	publisher = {MIT Press},
	year = {2010},
	address = {Cambridge, Massachusetts},
	hideisbn = {978-0-262-02651-2},
}

@article{mz08acmtois,
	author = "A. Moffat and J. Zobel",
	title = "Rank-Biased Precision for Measurement of
			Retrieval Effectiveness",
	journal = acmtois,
	volume = 27,
	number = 1,
	pages = "2.1--2.27",
	hideurl = "http://doi.acm.org/10.1145/1416950.1416952",
	hidemonth = dec,
	year = 2008,
	publisher = acm,
}

@article{al13irj,
	author = "N. Asadi and J. Lin",
	title = "Document Vector Representations for
		Feature Extraction in Multi-Stage Document Ranking",
	journal = irj,
	year = 2013,
	volume = 16,
	number = 6,
	pages = "747-768",
}

@inproceedings{al13sigir,
	author = "N. Asadi and J. Lin",
	title = "Effectiveness/Efficiency Tradeoffs for Candidate
	Generation in Multi-Stage Retrieval Architectures",
	booktitle = sigir,
	year = 2013,
	pages = "997-1000",
	hidedoi = {10.1145/2484028.2484132},
}

@inproceedings{wlm11sigir,
 author = {L. Wang and J. Lin and D. Metzler},
 title = {A Cascade Ranking Model for Efficient Ranked Retrieval},
 booktitle = sigir,
 year = {2011},
 pages = {105--114},
} 

@inproceedings{wlmh14www,
  author    = {L. Wang and
               J. Lin and
               D. Metzler and
               J. Han},
  title     = {Learning to efficiently rank on big data},
  booktitle = {Proc. WWW (Companion Volume)},
  year      = {2014},
  pages     = {209--210},
}

@article{mso13irj,
  author    = {C. Macdonald and
               R. L. T. Santos and
               I. Ounis},
  title     = {The whens and hows of learning to rank for web search},
  journal   = irj,
  year      = {2013},
  volume    = {16},
  number    = {5},
  pages     = {584--628},
}

@article{msoh13acmtois,
  author    = {C. Macdonald and
               R. L. T. Santos and
               I. Ounis and
               B. He},
  title     = {About learning models with multiple query-dependent features},
  journal   = acmtois,
  year      = {2013},
  volume    = {31},
  number    = {3},
  pages = {11:1--11:39},
}

@article{cm10-tois,
  author =       {J. S. Culpepper and A. Moffat},
  title =        {Compact set intersection for inverted indexing.},
  journal =      acmtois,
  year =         {2010},
  volume =       {29},
  number =       {1},
  hidemonth =        {Dec},
  pages =        {1:1--1:25},
}

@article{csc11-ir,
  author =       {G. V. Cormack and M. D. Smucker and C. L. A. Clarke},
  title =        {Efficient and effective spam filtering and re-ranking 
                 for large web datasets.},
  journal =      irj,
  year =         {2011},
  volume =       {14},
  number =       {5},
  pages =        {441--465},
}

@techreport{page1999,
  author={L. Page and S. Brin and R.  Motwani and T. Winograd},
  title = {The {P}age{R}ank citation ranking: Bringing order to the web.},
  year={1999},
  number = {1999-66},
  institution={Stanford InfoLab},
}

@inproceedings{mc05-sigir,
  author    = {D. Metzler and W. B. Croft},
  title     = {A {M}arkov random field model for term dependencies.},
  booktitle = sigir,
  year      = {2005},
  pages     = {472--479},
}

@article{tf95-ipm,
    author =       {H. Turtle and J. Flood},
    title =        {Query evaluation: strategies and optimizations.},
    journal =      ipm,
    year =         {1995},
    volume =       {31},
    number =       {6},
    pages =        {831--850},
}

@inproceedings{stc05-sigir,
  author    = {T. Strohman and H. Turtle and W. B. Croft},
  title     = {Optimization strategies for complex queries},
  booktitle = sigir,
  year      = {2005},
  pages     = {219--225},
}

@inproceedings{ivory10,
author = {T. Eisayed and N. Asadi and L. Wang and
	J. Lin and D. Metzler},
title = {
{UMD} and {USC/ISI}:
{TREC} 2010 {Web} {Track} Experiments with {Ivory}
},
booktitle = trec,
year = 2011
}

@inproceedings{ottawa12,
  author = {
    F. H. Al-akashi and D. Inkpen
  },
  title = {Query-Structure Based Web Page Indexing},
  booktitle = trec,
  hideaddress = {Gaithersburg, Maryland},
  year = 2011
}

@inproceedings{hc10-sigir,
  author    = {S. Huston and W. B. Croft},
  title     = {Evaluating Verbose Query Processing Techniques.},
  booktitle = sigir,
  year      = {2010},
  pages     = {291--298},
}

@book{cyt10-qpb,
  author = {D. Carmel and E. Yom-Tov},
  title = {Estimating the Query Difficulty for Information Retrieval.},
  publisher = {Morgan \& Claypool},
  year = {2010},
}

@inproceedings{dmo14-sigir,
  author={B. T. Din{\c{c}}er and C. Macdonald and I. Ounis},
  title={Hypothesis testing for the risk-sensitive evaluation of 
         retrieval systems.},
  booktitle=sigir,
  pages={23--32},
  year={2014},
}

@misc{yahoo-ql,
  author={D. Bogatin},
  title={{Yahoo:'Searches more sophisticated and specific'}},
  howpublished={http://www.zdnet.com/article/yahoo-searches-more-sophisticated-and-specific/},
  note={Accessed: 2015-06-09},
}

@article{xkw+14-jmlr,
  author = {Z. Xu and M. J. Kusner and K. Q. Weinberger and
      M. Chen and O. Chapelle},
  title = {Classifier Cascades and Trees for Minimizing 
					Feature Evaluation Cost},
  journal = {Journal of Machine Learning Research},
  volume = {15},
  pages = {2113--2144},
  year = {2014},
}

@article{mcw12-jmlr,
  author = {A. Mohan and Z. Chen and K. Q. Weinberger},
  title = {Web-Search Ranking with Initialized Gradient Boosted Regression 
           Trees},
  journal = {Journal of Machine Learning Research},
  volume = {14},
  year = {2011},
  pages = {77--89}
}

@inproceedings{xkmc13-icml,
  title={Cost-Sensitive Tree of Classifiers.},
  author={Z. Xu and M. J. Kusner and K. Q. Weinberger and M. Chen},
  title={Cost-Sensitive Tree of Classifiers.},
  booktitle=icml,
  pages={133--141},
  year={2013}
}

@article{cc11-jmlr,
  author = {O. Chapelle and Y. Chang},
  title = {Yahoo! Learning to Rank Challenge Overview},
  journal = jmlr,
  volume = {14},
  pages = {1--24},
  year = {2011},
}

@inproceedings{lno+15-sigir,
 author = {C. Lucchese and F. M. Nardini and S. Orlando and R. Perego
           and N. Tonellotto and R. Venturini},
 title = {QuickScorer: A Fast Algorithm to Rank Documents with
          Additive Ensembles of Regression Trees},
 booktitle = sigir,
 year = {2015},
 pages = {73--82},
}

@inproceedings{lno+16-sigir,
 author = {C. Lucchese and F. M. Nardini and S. Orlando and R. Perego
           and N. Tonellotto and R. Venturini},
 title = {Exploiting {CPU SIMD} extensions to speed-up document
          scoring with tree ensembles},
 booktitle = sigir,
 year = {2016},
 pages = {833--836},
}

@inproceedings{jyt16-sigir,
 author = {X. Jin and T. Yang and X. Tang},
 title = {A Comparison of Cache Blocking Methods for Fast Execution
          of Ensemble-based Score Computation},
 booktitle = sigir,
 year = {2016},
 pages = {629--638},
}

@article{alv14-tkde,
  author={N. Asadi and J. Lin and A. P. De Vries},
  title={Runtime optimizations for tree-based machine learning models},
  journal=tkde,
  volume={26},
  number={9},
  pages={2281--2292},
  year={2014},
}

@inproceedings{wds16-sigir,
  author={Q. Wang and C. Dimpoloulos and T. Suel},
  title={Fast First-Phase Candidate Generation for Cascading Rankers},
  booktitle=sigir,
  year={2016},
  pages = {295--304},
}

@inproceedings{kdf13-kdd,
 author = {R. Kohavi and A. Deng and B. Frasca and T. Walker and
           Y. Xu and N. Pohlmann},
 title =  {Online controlled experiments at large scale.},
 booktitle = kdd,
 year = {2013},
 pages = {1168--1176},
}

@article{p10-query,
  author={J. Pedersen},
  title={Query understanding at {Bing}.},
  journal={Invited talk, SIGIR},
  year={2010}
}

@inproceedings{czc10-wsdm,
 author = {B. B. Cambazoglu and H. Zaragoza and O. Chapelle and J. Chen
           and C. Liao and Z. Zheng and J. Degenhardt},
 title =  {Early Exit Optimizations for Additive Machine Learned Ranking
           Systems.},
 booktitle = wsdm,
 year = {2010},
 pages = {411--420},
}

@article{ccm16irj,
  author = {C. L. A. Clarke and J. S. Culpepper and
      A. Moffat},
  title = {Assessing efficiency--effectiveness tradeoffs in
      multi-stage retrieval systems without using relevance
      judgments},
  journal = irj,
  year = {2016},
  volume = {19},
  number = {4},
  pages = {351--377},
}

@article{l09-ltr,
author = {T.-Y. Liu},
title = {Learning to Rank for Information Retrieval},
journal = {Foundations and Trends in Information Retrieval},
volume = {3},
number = {3},
year = {2009},
pages = {225--331},
}

@inproceedings{ccl16adcs,
  author = {J. S. Culpepper and C. L. A. Clarke and J. Lin},
  title = {Dynamic Cutoff Prediction in Multi-Stage Retrieval Systems},
  booktitle = adcs,
  pages = {17--24},
  year = {2016},
}

@inproceedings{mso12cikm,
  author = {C. Macdonald and R. L. T. Santos and I. Ounis},
  title = {On the Usefulness of Query Features for Learning to Rank},
  booktitle = cikm,
  pages = {2559--2562},
  year = {2012},
}

@techreport{pbmw99sidl,
  number = {1999-66},
  month = {November},
  author = {L. Page and S. Brin and R. Motwani and T. Winograd},
  title = {The PageRank Citation Ranking: Bringing Order to the Web.},
  year = {1999},
  institution = {Stanford InfoLab},
}


@inproceedings{lmc16ictir,
  author = {X. Lu and A. Moffat and J. S. Culpepper},
  title = {Efficient and Effective Higher Order Proximity Modeling},
  booktitle = ictir,
  year = {2016},
  pages = {21--30},
}

@article{tbh15-ipm,
  author={N. Tax and S. Bockting and D. Hiemstra},
  title={A cross-benchmark comparison of 87 learning to rank methods},
  journal=ipm,
  volume={51},
  number={6},
  pages={757--772},
  year={2015},
}

@article{clonpt16-ipm,
  author = {G. Capannini and C. Lucchese and F. M. Nardini
      and S. Orlando and R. Perego and N. Tonellotto},
  title = {Quality versus efficiency in document scoring with learning-to-rank
      models},
  journal = ipm,
  volume = {52},
  number = {6},
  pages = {1161--1177},
  year = {2016},
}

@inproceedings{wlm10-sigir,
  author={L. Wang and J. Lin and D. Metzler},
  title={Learning to efficiently rank},
  booktitle=sigir,
  pages={138--145},
  year={2010},
}

@inproceedings{al13-ecir,
  author={N. Asadi and J. Lin},
  title={Training efficient tree-based models for document ranking},
  booktitle=ecir,
  pages={146--157},
  year={2013},
}

@article{dato2016fast,
  author={D. Dato and C. Lucchese and F. M. Nardini and S. Orlando
					and R. Perego and N. Tonellotto and R. Venturini},
  title={Fast ranking with additive ensembles of oblivious 
				and non-oblivious regression trees},
  journal=acmtois,
  volume={35},
  number={2},
  pages={15.1--15.31},
  year={2016},
}

@inproceedings{lno+16-sigir2,
  author={C. Lucchese and F. M. Nardini and S. Orlando and R. Perego and 
					F. Silvestri and S. Trani},
  title={Post-learning optimization of tree ensembles for efficient ranking},
  booktitle=sigir,
  pages={949--952},
  year={2016},
}

@inproceedings{rwj+94-trec,
    author =       {S. E. Robertson and S. Walker and S. Jones and
                    M. Hancock-Beaulieu and M. Gatford},
    title =        {Okapi at {TREC}-3.},
    booktitle =    {Proc. TREC-3},
    year =         {1994},
    annote =       {The elusive Okapi TREC citation.},
}

@inproceedings{mto12sigir,
    author = {C. Macdonald and N. Tonellotto and I. Ounis},
    title = {Learning to Predict Response Times for Online Query Scheduling},
    booktitle = sigir,
    year = {2012},
    pages = {621--630},
}

@article{rz09fntir,
    author = {S. E. Robertson and H. Zaragoza},
    title = {The Probabilistic Relevance Framework: BM25 and Beyond},
    journal = fntir,
    volume = {3},
    pages = {333-389},
    year = {2009},
}

@inproceedings{twkp11www,
    author = {S. Tyree and K. Q. Weinberger and K. Agrawal and J. Paykin},
    title = {Parallel Boosted Regression Trees for Web Search Ranking},
    booktitle = www,
    year = {2011},
    pages = {387--396},
}

@inproceedings{hc14cikm,
    author = {S. Huston and W. B. Croft},
    title = {A Comparison of Retrieval Models Using Term Dependencies},
    booktitle = cikm,
    year = {2014},
    pages = {111--120},
}

@inproceedings{lmc15cikm,
    author = {X. Lu and A. Moffat and J. S. Culpepper},
    title = {On the Cost of Extracting Proximity Features for Term-Dependency Models},
    booktitle = cikm,
    year = {2015},
    pages = {293--302},
}


@ARTICLE{lasso,
    author = {R. Tibshirani},
    title = {Regression Shrinkage and Selection Via the Lasso},
    journal = {Journal of the Royal Statistical Society, Series B},
    year = {1994},
    volume = {58},
    pages = {267--288}
}


@inproceedings{rky10-kdd,
  author={V. C. Raykar and B. Krishnapuram and S. Yu},
  title={Designing efficient cascaded classifiers: tradeoff between
         accuracy and cost},
  booktitle=kdd,
  pages={853--860},
  year={2010},
}

@article{arc02tois,
  author = {Amati, Gianni and Van Rijsbergen, Cornelis Joost},
  title = {Probabilistic Models of Information Retrieval Based on Measuring the Divergence from Randomness},
  journal = acmtois,
  volume = {20},
  number = {4},
  year = {2002},
  pages = {357--389},
}

@inbook{ho04spire,
  author = {B. He and I. Ounis},
  title = {Inferring Query Performance Using Pre-retrieval Predictors},
  bookTitle = spire,
  year = {2004},
  pages = {43--54},
}

@inbook{zst08ecir,
  author = {Zhao, Ying and Scholer, Falk and Tsegay, Yohannes},
  title = {Effective Pre-retrieval Query Performance Prediction Using Similarity and Variability Evidence},
  bookTitle = ecir,
  year = {2008},
  pages = {52--64},
}

@inproceedings{czc02sigir,
    author = {S. Cronen-Townsend and Y. Zhou and W. B. Croft},
    title = {Predicting Query Performance},
    booktitle = sigir,
    year = {2002},
    pages = {299--306},
}

@article{vc99irj,
  author={C. C. Vogt and G. W. Cottrell},
  title={Fusion Via a Linear Combination of Scores},
  journal=irj,
  year={1999},
  volume={1},
  number={3},
  pages={151--173},
}

@inproceedings{ma01cikm,
 author = {M. Montague and J. A. Aslam},
 title = {Relevance Score Normalization for Metasearch},
 booktitle = cikm,
 year = {2001},
 pages = {427--433},
}

@inproceedings{lrr14sigir,
 author = {S. Liang and Z. Ren and M. de Rijke},
 title = {Fusion Helps Diversification},
 booktitle = sigir,
 year = {2014},
 pages = {303--312},
}

@inproceedings{sssc11wsdm,
 author = {D. Sheldon and M. Shokouhi and M. Szummer and N. Craswell},
 title = {LambdaMerge: Merging the Results of Query Reformulations},
 booktitle = wsdm,
 year = {2011},
 pages = {795--804},
}

@inproceedings{cormack2009reciprocal,
  title={Reciprocal rank fusion outperforms condorcet and individual rank learning methods},
  author={G. V. Cormack and C. L. A. Clarke and S. Buettcher},
  booktitle=sigir,
  pages={758--759},
  year={2009},
}

@inproceedings{mourao2013novasearch,
  title={NovaSearch at {TREC} 2013 Federated Web Search Track: {E}xperiments with rank fusion.},
  author={A. Mourao and F. Martins and J. Magalhaes},
  booktitle=trec,
  year={2013}
}

@inproceedings{mourao2014inverse,
  title={Inverse square rank fusion for multimodal search},
  author={A. Mourao and F. Martins and J. Magalhaes},
  booktitle={Proc. CBMI},
  pages={1--6},
  year={2014},
}

@article{fox1994combination,
  title={Combination of multiple searches},
  author={E. A. Fox and J. A. Shaw},
  journal={Proc. TREC-3},
  pages={243--252},
  year={1994},
}

@article{frank2005comparing,
  title={Comparing rank and score combination methods for data fusion in information retrieval},
  author={H. D. Frank and I. Taksa},
  journal=irj,
  volume={8},
  number={3},
  pages={449--480},
  year={2005},
}

@article{borda1784memoire,
  title={M{\'e}moire sur les {\'e}lections au scrutin},
  author={J. C. de Borda},
  journal={Histoire de l'Academie Royale des Sciences pour 1781 (Paris, 1784)},
  year={1784}
}

@article{young1988condorcet,
  title={Condorcet's theory of voting},
  author={H. P. Young},
  journal={American Political Science Review},
  volume={82},
  number={4},
  pages={1231--1244},
  year={1988},
}

@inproceedings{bmst16sigir,
 author = {P. Bailey and A. Moffat and F. Scholer and P. Thomas},
 title = {UQV100: A Test Collection with Query Variability},
 booktitle = sigir,
 year = {2016},
 pages = {725--728},
}

@inproceedings{bailey2017retrieval,
  title={Retrieval Consistency in the Presence of Query Variations},
  author={P. Bailey and A. Moffat and F. Scholer and P. Thomas},
  booktitle=sigir,
  pages={395--404},
  year={2017},
}

@article{belkin1995combining,
  title={Combining the evidence of multiple query representations for information retrieval},
  author={N. J. Belkin and P. Kantor and E. A. Fox and J. A. Shaw},
  journal=ipm,
  volume={31},
  number={3},
  pages={431--448},
  year={1995},
}

@inproceedings{montague2002condorcet,
  title={Condorcet fusion for improved retrieval},
  author={M. Montague and J. A. Aslam},
  booktitle=cikm,
  pages={538--548},
  year={2002},
}

@article{wu2006performance,
  title={Performance prediction of data fusion for information retrieval},
  author={S. Wu and S. McClean},
  journal=ipm,
  volume={42},
  number={4},
  pages={899--915},
  year={2006},
}

@article{ng2000predicting,
  title={Predicting the effectiveness of naive data fusion on the basis of system characteristics},
  author={K. B. Ng and P. B. Kantor},
  journal=jasis,
  volume={51},
  number={13},
  pages={1177--1189},
  year={2000},
}

@inproceedings{ng1998investigation,
  title={An investigation of the preconditions for effective data fusion in information retrieval: {A} pilot study.},
  author={K. B. Ng and P. B. Kantor},
  booktitle={Proc. ASIS},
  pages={166--178},
  year={1998},
}

@inproceedings{lee2015optimization,
  title={An optimization framework for merging multiple result lists},
  author={C.-J. Lee and Q. Ai and W. B. Croft and D. Sheldon},
  booktitle=cikm,
  pages={303--312},
  year={2015},
}

@incollection{lu2016modeling,
  title={Modeling relevance as a function of retrieval rank},
  author={X. Lu and A. Moffat and J. S. Culpepper},
  booktitle=airs,
  pages={3--15},
  year={2016},
}

@inproceedings{bailey2016uqv100,
  title={UQV100: A test collection with query variability},
  author={P. Bailey and A. Moffat and F. Scholer and P. Thomas},
  booktitle=sigir,
  pages={725--728},
  year={2016},
}

@article{mandelbrot1953informational,
  title={An informational theory of the statistical structure of language},
  author={B. Mandelbrot},
  journal={Communication Theory},
  volume={84},
  pages={486--502},
  year={1953},
}

@book{liu2017motifs,
  title={Motifs in Language and Text},
  author={H. Liu and J. Liang},
  volume={71},
  year={2017},
  publisher={Walter de Gruyter GmbH \& Co KG}
}

@article{bartholdi1989voting,
  title={Voting schemes for which it can be difficult to tell who 
         won the election},
  author={J. Bartholdi and C. A. Tovey and M. A. Trick},
  journal={Social Choice and Welfare},
  volume={6},
  number={2},
  pages={157--165},
  year={1989},
}

@misc{kSubsetf73:online,
	author = {Weisstein, Eric W.},
	title = {``k-Subset.'' From MathWorld--- A Wolfram Web Resource. },
	howpublished = {\url{http://mathworld.wolfram.com/k-Subset.html}},
	month = {},
	year = {},
	note = {(Accessed on 09/12/2017)}
}

@inproceedings{voorhees2003overview,
  title={Overview of {TREC} 2003.},
  author={E. M. Voorhees},
  booktitle=trec,
  pages={1--13},
  year={2003}
}

@inproceedings{webtrack2013overview,
  title={{TREC} 2013 web track overview},
  booktitle=trec,
  author={K. Collins-Thompson and C. Macdonald and P. Bennett and F. Diaz and E. M. Voorhees},
  year={2014},
}

@inproceedings{webtrack2014overview,
  title={{TREC} 2014 web track overview},
  booktitle=trec,
  author={K. Collins-Thompson and C. Macdonald and P. Bennett and F. Diaz and E. M. Voorhees},
  year={2015},
}

@inproceedings{dinccer2014hypothesis,
  title={Hypothesis testing for the risk-sensitive evaluation of retrieval systems},
  author={B. T. Din{\c{c}}er and C. Macdonald and I. Ounis},
  booktitle=sigir,
  pages={23--32},
  year={2014},
}

@inproceedings{dinccer2016risk,
 author = {B. T. Din\c{c}er and C. Macdonald and I. Ounis},
 title = {Risk-Sensitive Evaluation and Learning to Rank Using Multiple Baselines},
 booktitle = sigir,
 year = {2016},
 pages = {483--492},
} 

@inproceedings{robertson2006gmap,
  title={On GMAP: and other transformations},
  author={S. Robertson},
  booktitle=cikm,
  pages={78--83},
  year={2006},
}

@inproceedings{voorhees2005trec,
  title={The TREC robust retrieval track},
  author={E. M. Voorhees},
  booktitle={ACM SIGIR Forum},
  volume={39},
  number={1},
  pages={11--20},
  year={2005},
}

@inproceedings{armstrong2009improvements,
  title={Improvements that don't add up: ad-hoc retrieval results since 1998},
  author={T. G. Armstrong and A. Moffat and W. Webber and J. Zobel},
  booktitle=cikm,
  pages={601--610},
  year={2009},
}

@misc{clueweb12b,
	author = {},
	title = {The ClueWeb12 Dataset: Dataset Details},
	howpublished = {\url{http://lemurproject.org/clueweb12/specs.php}},
	month = {},
	year = {},
	note = {(Accessed on 10/06/2017)}
}

@article{webber2010similarity,
  title={A similarity measure for indefinite rankings},
  author={W. Webber and A. Moffat and J. Zobel},
  journal=acmtois,
  volume={28},
  number={4},
  pages={20},
  year={2010},
}

@inproceedings{zk08-sigir,
 author = {L. Zighelnic and O. Kurland},
 title = {Query-drift Prevention for Robust Query Expansion},
 booktitle = sigir,
 year = {2008},
 pages = {825--826},
}

@inproceedings{bz04-adc,
 author = {B. Billerbeck and J. Zobel},
 title = {Questioning query expansion: {A}n examination of behaviour and
          patterns.},
 booktitle = adc,
 year = {2004},
 pages = {69--76},
}

@inproceedings{lmc14-adcs,
  author    = {X. Lu and A. Moffat and J. S. Culpepper},
  title     = {How Effective are Proximity Scores in Term Dependency Models?},
  booktitle = adcs,
  pages     = {89--92},
  year      = {2014}
}

@inproceedings{gm+17-ntcir,
author = {L. Gallagher and J. Mackenzie and R. Benham and
	R.-C. Chen and F. Scholer and J. S. Culpepper},
title = {{RMIT at the NTCIR-13 We Want Web Task}},
booktitle = {Proc. NTCIR-13},
year = 2017,
}

@article{lmc16irj,
author = {X. Lu and A. Moffat and J. S. Culpepper},
title = {The effect of pooling and evaluation depth on {IR} metrics},
journal = irj,
volume = 19,
number = 4,
year = 2016,
pages = {416--445},
}

@inproceedings{cgbc17-sigir,
author = "R.-C. Chen and L. Gallagher and R. Blanco and {J. S. Culpepper}",
title = "Efficient cost-aware cascade ranking in multi-stage retrieval",
booktitle = sigir,
month = aug,
year = 2017,
pages = {445--454},
}

@inproceedings{ccl16-adcs,
author = "J. S. Culpepper and C. L. A. Clarke and J. Lin",
title = "Dynamic cutoff prediction in multi-stage retrieval systems",
booktitle = adcs,
month = dec,
year = 2016,
pages = {17--24},
}

@inproceedings{lmc17-sigir,
author = "X. Lu and A. Moffat and J. S. Culpepper",
title = "Can deep effectiveness metrics be evaluated using shallow
  judgment pools?",
booktitle = sigir,
month = aug,
year = 2017,
pages = {35--44},
}

@inproceedings{cikm03-billerbeck,
    author={B. Billerbeck and F. Scholer and H. E. Williams and J. Zobel},
    title={Query expansion using associated queries},
	booktitle=cikm,
    year=2003,
	pages={2--9}
}

@inproceedings{lacs15-cikm,
 author = {C.-J. Lee and Q. Ai and W. B. Croft and D. Sheldon},
 title = {An Optimization Framework for Merging Multiple Result Lists},
 booktitle = cikm,
 year = {2015},
 pages = {303--312},
}

@article{mbst17-tois,
  title={Incorporating User Expectations and Behavior into the Measurement of Search Effectiveness},
  author={A. Moffat and P. Bailey and F. Scholer and P. Thomas},
  journal=acmtois,
  volume={35},
  number={3},
  pages={24},
  year={2017},
}

@inproceedings{hzlm14-cikm,
  title={Improving tail query performance by fusion model},
  author={S. Huo and M. Zhang and Y. Liu and S. Ma},
  booktitle=cikm,
  pages={559--568},
  year={2014},
}

@inproceedings{bc17-adcs,
	author    = {R. Benham and
	J. S. Culpepper},
	title     = {Risk-Reward Trade-offs in Rank Fusion},
	booktitle = adcs,
	pages     = {1--8},
	year      = {2017}
}

@inproceedings{bmst-sigir17,
	title={Retrieval consistency in the presence of query variations},
	author={ P. Bailey and  A. Moffat and  F. Scholer and  P. Thomas},
	booktitle=sigir,
	pages={395--404},
	year={2017},
	hideorganization={ACM}
}

@inproceedings{jrmg06-www,
 author = {R. Jones and B. Rey and O. Madani and W. Greiner},
 title = {Generating Query Substitutions},
 booktitle = www,
 year = {2006},
 pages = {387--396},
}

@inproceedings{smo10-www,
 author = {R. L. T. Santos and C. Macdonald and I. Ounis},
 title = {Exploiting Query Reformulations for Web Search Result 
 Diversification},
 booktitle = www,
 year = {2010},
 pages = {881--890},
}

@inproceedings{dda14-sigir,
 author = {J. Dalton and L. Dietz and J. Allan},
 title = {Entity Query Feature Expansion Using Knowledge Base Links},
 booktitle = sigir,
 year = {2014},
 pages = {365--374},
}

@inproceedings{hzlm14cikm,
  title = "Improving tail query performance by fusion model",
  author = "S. Huo and M. Zhang and Y. Liu and S. Ma",
  booktitle = cikm,
  pages = "559-658",
  year = 2014,
}

@inproceedings{bccc93-sigir,
  author = "N. J. Belkin and C. Cool and W. B. Croft and J. P. Callan",
  title = "The Effect of Multiple Query Variations on Information Retrieval System Performance",
  booktitle = sigir,
  year = 1993,
  pages = {339--346},
}

@inproceedings{bmc12-wsdm,
 author = {M. Bendersky and D. Metzler and W. B. Croft},
 title = {Effective Query Formulation with Multiple Information Sources},
 booktitle = wsdm,
 year = {2012},
 pages = {443--452},
} 

@inproceedings{d15-ictir,
  title={Condensed list relevance models},
  author={F. Diaz},
  booktitle=ictir,
  pages={313--316},
  year={2015},
}

@inproceedings{cal+10cikm,
 author = {M-A. Cartright and J. Allan and V. Lavrenko and A. McGregor},
 title = {Fast Query Expansion Using Approximations of Relevance Models},
 booktitle = cikm,
 year = {2010},
 pages = {1573--1576},
}

@inproceedings{wnz01-www,
  title={Clustering user queries of a search engine},
  author={J. R. Wen and J. Y. Nie and H. J. Zhang},
  booktitle=www,
  pages = {162--168},
  year={2001}
}

@inproceedings{cs07-sigir,
 author = {N. Craswell and M. Szummer},
 title = "Random walks on the click graph",
 booktitle = sigir,
 year = {2007},
 pages = {239--246},
}

@inproceedings{yh+16-kdd,
  title={Ranking relevance in yahoo search},
  author={D. Yin and Y. Hu and J. Tang and T. Daly and M. Zhou and H. Ouyang and J. Chen and C. Kang and H. Deng and C. Nobata and J.-M. Langlois and Y. Chang},
  booktitle=kdd,
  pages={323--332},
  year={2016},
}

@article{kgd07ipm,
  author    = {K-L. Kwok and L. Grunfeld and P. Deng},
  title     = {Employing web mining and data fusion to improve weak
               ad hoc retrieval},
  journal   = ipm,
  volume    = {43},
  number    = {2},
  pages     = {406--419},
  year      = {2007},
}

