@inproceedings{Thomas+al:17a,
  author    = {Paul Thomas and
               Falk Scholer and
               Peter Bailey and
               Alistair Moffat},
  title     = {Tasks, Queries, and Rankers in Pre-Retrieval Performance Prediction},
  booktitle = {Proceedings of ADCS},
  pages     = {11:1--11:4},
  year      = {2017}
}

@inproceedings{Zendel+al:19a,
  author    = {Oleg Zendel and
               Anna Shtok and
               Fiana Raiber and
               Oren Kurland and
               J. Shane Culpepper},
  title     = {Information Needs, Queries, and Query Performance Prediction},
  booktitle = {Proceedings of SIGIR},
  pages     = {395--404},
  year      = {2019}
}

@inproceedings{Smucker+Allan:09a,
  author    = {Mark D. Smucker and
               James Allan},
  title     = {A New Measure of the Cluster Hypothesis},
  booktitle = {Proceedings of ICTIR},
  pages     = {281--288},
  year      = {2009}
}

@inproceedings{Raiber+al:15a,
  author    = {Fiana Raiber and
               Oren Kurland and
               Filip Radlinski and
               Milad Shokouhi},
  title     = {Learning Asymmetric Co-Relevance},
  booktitle = {Proceedings of ICTIR},
  pages     = {281--290},
  year      = {2015}

}

@inproceedings{Raiber+Kurland:14c,
  author    = {Fiana Raiber and
               Oren Kurland},
  title     = {The correlation between cluster hypothesis tests and the effectiveness
               of cluster-based retrieval},
  booktitle = {Proceedings of SIGIR},
  pages     = {1155--1158},
  year      = {2014}

}


@inproceedings{Na+al:08a,
  author    = {Seung{-}Hoon Na and
               In{-}Su Kang and
               Jong{-}Hyeok Lee},
  title     = {Revisit of Nearest Neighbor Test for Direct Evaluation of Inter-document
               Similarities},
  booktitle = {Proceedings of ECIR},
  pages     = {674--678},
  year      = {2008}
}


@article{Benham+al:19a,
  author    = {Rodger Benham and
               Joel Mackenzie and
               Alistair Moffat and
               J. Shane Culpepper},
  title     = {Boosting Search Performance Using Query Variations},
  journal   = {{ACM} Trans. Inf. Syst.},
  volume    = {37},
  number    = {4},
  pages     = {41:1--41:25},
  year      = {2019}
}


@inproceedings{Pickens+al:08a,
  author    = {Jeremy Pickens and
               Gene Golovchinsky and
               Chirag Shah and
               Pernilla Qvarfordt and
               Maribeth Back},
  title     = {Algorithmic mediation for collaborative exploratory search},
  booktitle = {Proceedings of SIGIR},
  pages     = {315--322},
  year      = {2008}
}