@inproceedings{Lavrenko+al:02a,
  author    = {Victor Lavrenko and
               Martin Choquette and
               W. Bruce Croft},
  title     = {Cross-lingual relevance models},
  booktitle = {Proc. of SIGIR},
  pages     = {175--182},
  year      = {2002}
}

@inproceedings{Anava+al:16a,
  author    = {Yael Anava and
               Anna Shtok and
               Oren Kurland and
               Ella Rabinovich},
  title     = {A Probabilistic Fusion Framework},
  booktitle = {Proceedings of CIKM},
  pages     = {1463--1472},
  year      = {2016},

}
@inproceedings{Rabiou+Carterette:16a,
  author    = {Ashraf Bah Rabiou and
               Ben Carterette},
  title     = {{PDF:} {A} Probabilistic Data Fusion Framework for Retrieval and Ranking},
  booktitle = {Proc. of ICTIR},
  pages     = {31--39},
  year      = {2016}
}


@article{Carpineto+Romano:12a,
  author    = {C. Carpineto and
               G. Romano},
  title     = {A Survey of Automatic Query Expansion in Information Retrieval},
  journal   = compsurv,
  volume    = {44},
  number    = {1},
  pages     = {1},
  year      = {2012}
}

@inproceedings{Lv+Chen:11a,
  author    = {Y. Lv and
               C. Zhai and
               W. Chen},
  title     = {A boosting approach to improving pseudo-relevance feedback},
  booktitle = sigir,
  pages     = {165--174},
  year      = {2011}
}

@Article{Sakai+al:05a,
  author = {T. Sakai and T. Manabe and M. Koyama},
  title = {Flexible pseudo-relevance feedback via selective sampling},
  journal = talip,
  year = 2005,
  volume = 4,
  number = 2,
  pages = {111--135}
}

@inproceedings{Metzler+Croft:07b,
  author    = {D. Metzler and
               W. B. Croft},
  title     = {Latent concept expansion using markov random fields},
  booktitle = sigir,
  year      = {2007},
  pages     = {311-318}
}

@inproceedings{Zamani+Croft:16a,
  author    = {H. Zamani and
               W. B. Croft},
  title     = {Embedding-based Query Language Models},
  booktitle = ictir,
  pages     = {147--156},
  year      = {2016}

}

@inproceedings{Zamani+Croft:17a,
  author    = {H. Zamani and
               W. B. Croft},
  title     = {Relevance-based Word Embedding},
  booktitle = sigir,
  pages     = {505--514},
  year      = {2017}
}

@inproceedings{Collins-Thompson:09a,
  author    = {K. Collins{-}Thompson},
  title     = {Reducing the risk of query expansion via robust constrained optimization},
  booktitle = cikm,
  pages     = {837--846},
  year      = {2009}
}

@InProceedings{Cao+al:08a,
  title = {Selecting good expansion terms for pseudo-relevance feedback},
  author = {G. Cao and J.-Y. Nie and J. Gao and S. Robertson},
  booktitle =sigir,
  pages = {243-250}, 
  year = {2008}
}

@inproceedings{Kuzi+al:16b,
  author    = {S. Kuzi and
               A. Shtok and
               O. Kurland},
  title     = {Query Anchoring Using Discriminative Query Models},
  booktitle = ictir,
  pages     = {219--228},
  year      = {2016}
}
 

@inproceedings{Kuzi+al:16a,
  author    = {S. Kuzi and
               A. Shtok and
               O. Kurland},
  title     = {Query Expansion Using Word Embeddings},
  booktitle = cikm,
  pages     = {1929--1932},
  year      = {2016}
}



@InProceedings{Kalmanovich+Kurland:09a,
    author = "I. Gelfer Kalmanovich and O. Kurland",
    title = {Cluster-based query expansion},
    booktitle =  sigir,
    pages = {646--647},
    year = 2009
}

@inproceedings{Keikha+al:11a,
  author    = {M. Keikha and
               J. Seo and
               W. Bruce Croft and
               F. Crestani},
  title     = {Predicting document effectiveness in pseudo relevance feedback},
  booktitle = cikm,
  pages     = {2061--2064},
  year      = {2011}
}

@inproceedings{He+Ounis:09a,
  author    = {B. He and
               I. Ounis},
  title     = {Finding good feedback documents},
  booktitle = cikm,
  pages     = {2011--2014},
  year      = {2009}
}

@InProceedings{Lee+al:08a,
  author    = {K.-S. Lee and W. B. Croft and J. Allan},
  title     = {A cluster-based resampling method for pseudo-relevance feedback},
  booktitle =sigir,
  year      = {2008},
  pages     = {235-242}
}

@InProceedings{Mitra+Singhal+Buckley:98a,
  author = 	 {M. Mitra and A. Singhal and C. Buckley},
  title = 	 {Improving Automatic Query Expansion},
  booktitle = 	sigir,
  pages =	 {206--214},
  year =	 1998
}





@InProceedings{Zighelnic+Kurland:08a,
  author = 	 {L. Zighelnic and O. Kurland},
  title = 	 {Query-drift prevention for robust query expansion},
  booktitle = 	sigir,
  pages =	 {825--826},
  year =	 2008
}

@inproceedings{Lv+Zhai:09b,
  author    = {Y. Lv and
               C. Zhai},
  title     = {A comparative study of methods for estimating query language models
               with pseudo feedback},
  booktitle = cikm,
  pages     = {1895--1898},
  year      = {2009}
}


@Article{Carpineto+al:01a,
  author = 	 {C. Carpineto and R. de Mori and G. Romano and B. Bigi},
  title = 	 {An information-theoretic approach to automatic query expansion},
  journal = 	 acmtois,
  year = 	 2001,
  volume =	 19,
  number =	 1,
  pages =	 {1--27}
}


@inproceedings{Ye+al:10a,
  author    = {Z. Ye and
               B. He and
               X. Huang and
               H. Lin},
  title     = {Revisiting {Rocchio}'s Relevance Feedback Algorithm for Probabilistic
               Models},
  booktitle = airs,
  pages     = {151--161},
  year      = {2010}
}

@TechReport{Li+Croft:05a,
  author = 	 {X. Li and W. B. Croft},
  title = 	 {Improving the Robustness of Relevance-Based Language Models},
  institution =  {Center for Intelligent Information Retrieval, University of Massachusetts},
  year = 	 {2005},
  number = {IR-401}
}

@InProceedings{Diaz+Metzler:06a,
  author =  {F. Diaz and D. Metzler},
  title =    {Improving the estimation of relevance models using large external corpora},
  booktitle = 	 sigir,
  pages = {154--161},
  year = 2006
}

@inproceedings{Lv+Zhai:10a,
  author    = {Y. Lv and
               C. Zhai},
  title     = {Positional relevance model for pseudo-relevance feedback},
  booktitle = sigir,
  pages     = {579--586},
  year      = {2010}
}

@inproceedings{Dehghani+al:16a,
  author    = {M. Dehghani and
               H. Azarbonyad and
               J. Kamps and
               D. Hiemstra and
               M. Marx},
  title     = {Luhn Revisited: Significant Words Language Models},
  booktitle = cikm,
  pages     = {1301--1310},
  year      = {2016}
}

@inproceedings{Lv+Zhai:14a,
  author    = {Y. Lv and
               C. Zhai},
  title     = {Revisiting the Divergence Minimization Feedback Model},
  booktitle =sigir,
  pages     = {1863--1866},
  year      = {2014}
}

@inproceedings{Lv+Zhai:09b,
  author    = {Y. Lv and
               C. Zhai},
  title     = {A comparative study of methods for estimating query language models
               with pseudo feedback},
  booktitle = cikm,
  pages     = {1895--1898},
  year      = {2009}
}



@InProceedings{Tao+Zhai:06a,
  author = 	 {T. Tao and C. Zhai},
  title = 	 {Regularized esitmation of mixture models for robust pseudo-relevance feedback},
  booktitle = 	 sigir,
  pages =        {162--169},
  year =	 2006
}

@InProceedings{Bendersky+Kurland:08a,
  author = 	 {M. Bendersky and O. Kurland},
  title = 	 {Utilizing passage-based language models for document retrieval},
  booktitle = 	 ecir,
  pages =	 {162--174},
  year =	 2008
}


@InProceedings{Liu+Croft:04a,
  author = {X. Liu and W. B. Croft},
  title = {Cluster-Based Retrieval Using Language Models},
  booktitle =  sigir,
  pages = {186-193},
  year = 2004
}

@InProceedings{Liu+Croft:02a,
  author = {X. Liu and W. B. Croft},
  title = {Passage retrieval based on language models},
  booktitle =  cikm,
  pages = {375-382},
  year = 2002
}

@InProceedings{Winaver+al:07a,
  author = 		  {M. Winaver and O. Kurland and C. Domshlak},
  title = 		  {Towards robust query expansion: Model selection in the language model framework to retrieval},
  booktitle = 	  sigir,
  pages = {729--730},
  year =	 2007
}

@InProceedings{Wei+Croft:06a,
  author = 		  {X. Wei and W. B. Croft},
  title = 		  {{LDA}-Based document models for Ad-hoc retrieval},
  booktitle = 	  sigir,
  pages = {178--185},
  year =	 2006
}

@InProceedings{Lafferty+Zhai:01a,
  author = 		  {J. D. Lafferty and C. Zhai},
  title = 		  {Document language models, query models, and risk minimization for information retrieval},
  booktitle = 	  sigir,
  pages={111--119},
  year =	 2001
}

@Misc{finetti:90a,
  key = 	 {finetti},
  author = 	 {B. de Finetti},
  title = 	 {Theory of probability},
  note = 	 {Reprint of the 1975 translation},
  year = 1990
}

Bruno de Finetti. Theory of probability. Vol. 1-2. John Wiley & Sons Ltd., Chichester, 1990. 
Reprint of the 1975 translation

@Book{Croft+Lafferty:03a,
  editor =	 {W. B. Croft and J. Lafferty},
  title = 	 {Language Modeling for Information Retrieval},
  publisher = 	 {Kluwer},
  year = 	 2003,
  number =	 13,
  series =	 {Information Retrieval Book Series}
}


@incollection{Lavrenko+Croft:03a,
	title={Relevance models in information retrieval},
	author={ V. Lavrenko and  W. B. Croft},
	booktitle={Language modeling for information retrieval},
	pages={11--56},
	year={2003}
}


@inproceedings{Zhai+Lafferty:01a,
    author = {C. Zhai and J. D. Lafferty},
    title = {A Study of Smoothing Methods for Language Models Applied to Ad Hoc Information Retrieval},
    booktitle = sigir,
    pages = {334--342},
    year = 2001
}

@TechReport{Minka:00a,
  author = 	 {T. P. Minka},
  title = 	 {Estimating a Dirichlet Distribution},
  year = 	 {2000}
}

Estimating a Dirichlet distribution

@InProceedings{Abdul-Jaleel+al:04a,
    author = {N. Abdul-Jaleel and J. Allan and W. B. Croft and F. Diaz and L. Larkey and X. Li and M. D. 
	and C. Wade},
    title = {{UMASS} at {TREC} 2004 --- Novelty and HARD},
    booktitle =  trec,
    year = 2004,
}

@InProceedings{Collins-Thompson+Callan:07a,
  author = 	 {K. Collins-Thompson and J. Callan},
  title = 	 {Estimation and use of uncertainty in pseudo-relevance feedback},
  booktitle = 	  sigir,
  pages = {303--310},
  year =	 2007
}

@inproceedings{Cormack+al:09a,
  author    = {G. V. Cormack and
               C. L. A. Clarke and
               S. B{\"{u}}ttcher},
  title     = {Reciprocal rank fusion outperforms condorcet and individual rank learning
               methods},
  booktitle = sigir,
  pages     = {758--759},
  year      = {2009}
}

@inproceedings{Fox+Shaw:94a,
  author = "E. A. Fox and J. A. Shaw",
  title = "Combination of multiple searches",
  booktitle = trec, 
  year = "1994"
}

@inproceedings{Lavrenko+Croft:01a,
    author = "V. Lavrenko and W. B. Croft",
    title = "Relevance-Based Language Models",
    booktitle = sigir,
    pages = "120--127",
    year = "2001"
}

@InProceedings{Liu+Croft:08a,
  author = {X. Liu and W. B. Croft},
  title = {Evaluating text representations for retrieval of the best group of documents},
  booktitle =  ecir,
  pages = {454--462},
  year = 2008,
}


@inproceedings{Rabinovich+al:14a,
  author    = {E. Rabinovich and
               O. Rom and
               O. Kurland},
  title     = {Utilizing relevance feedback in fusion-based retrieval},
  booktitle = sigir,
  pages     = {313--322},
  year      = {2014}
}

@inproceedings{Seo+Croft:10a,
  author    = {J. Seo and
               W. B. Croft},
  title     = {Geometric representations for multiple documents},
  booktitle = sigir,
  year      = {2010},
  pages     = {251-258}
}

@InProceedings{Song+Croft:99a,
  author = 		  {F. Song and W. B. Croft},
  title = 		  {A general language model for information retrieval (poster abstract)},
  booktitle = 	  sigir,
  pages =	 {279--280},
  year =	 1999
}

@InProceedings{Soskin+al:09a,
  author    = {N. Soskin and
               O. Kurland and
               C. Domshlak},
  title     = {Navigating in the Dark: Modeling Uncertainty in Ad Hoc Retrieval
               Using Multiple Relevance Models},
  booktitle = ictir,
  year      = {2009},
  pages     = {79-91}
}

@article{Xue+Croft:13a,
  author    = {X. Xue and
               W. B. Croft},
  title     = {Modeling reformulation using query distributions},
  journal   = acmtois,
  volume    = {31},
  number    = {2},
  pages     = {6},
  year      = {2013}
}

@inproceedings{Zhai+Lafferty:01b,
    author = "C. Zhai and J. D. Lafferty",
    title = "Model-based Feedback in the Language Modeling Approach to Information Retrieval",
    booktitle = cikm,
    pages = "403--410",
    year = "2001"
}

